%% This BibTeX bibliography file was created using BibDesk.
%% http://www.cs.ucsd.edu/~mmccrack/bibdesk.html


%% Created for neil at 2002-12-09 14:04:13 +1300 



@incollection{Dum93b,
    Crossref = {Dum93},
    Pages = {34--105},
    Year = {1993},
    Title = {What is a theory of meaning? (II)},
    Booktitle = {The Seas of Language},
    Author = {Dummett, Michael},
    Note = {First published in G. Evans and J. McDowell, editors, {\it Truth and Meaning}, Oxford University Press, Oxford, England, 1976.}}

@incollection{Dum93a,
    Crossref = {Dum93},
    Pages = {1--33},
    Year = {1993},
    Title = {What is a theory of meaning? (I)},
    Booktitle = {The Seas of Language},
    Author = {Dummett, Michael},
    Note = {First published in S. Guttenplan, editor, {\it Mind and Language}, Oxford University Press, Oxford, England, 1975.}}

@book{Dum93,
    Year = {1993},
    Title = {The Seas of Language},
    Address = {Oxford, England},
    Publisher = {Oxford University Press},
    Author = {Dummett, Michael}}

@book{GMS94,
    Year = {1994},
    Title = {The \LaTeX\ Companion},
    Address = {Reading, Massachusetts, USA},
    Publisher = {Addison-Wesley},
    Author = {Goosens, Michel and Mittelbach, Frank and Samarin, Alexander}}

@book{GRM97GC,
    Year = {1997},
    Title = {The \LaTeX\ Graphics Companion: illustrating documents with \TeX\ and PostScript},
    Address = {Reading, Massachusetts, USA},
    Publisher = {Addison-Wesley},
    Author = {Goosens, Michel and Sebastian P. Q. Rahtz and Mittelbach, Frank}}

@book{Lam94,
    Year = {1994},
    Title = {\LaTeX: a document preparation system: user's guide and reference manual},
    Address = {Reading, Massachusetts, USA},
    Edition = {{S}econd},
    Publisher = {Addison-Wesley},
    Author = {Lamport, Leslie}}
    
% ------------

@misc{mccandless-2020,
    author = {McCandless, David},
    month = {06},
    title = {{Million Lines of Code}},
    howpublished = {\url{https://www.informationisbeautiful.net/visualizations/million-lines-of-code/}},
    year = {2020},
}
@misc{servetto-2022A,
    author = {Servetto, M},
    title = {{42}},
    howpublished = {\url{https://l42.is/}},
    year = {2022},
}
@misc{servetto-2022B,
    author = {Servetto, M},
    title = {{Adam's Towel}},
    howpublished = {\url{https://l42.is/d026/AdamsTowel.xhtml}},
    year = {2022},
}
@misc{amazon-2022A,
    author = {{Amazon}},
    title = {{Cloud Computing Services - Amazon Web Services (AWS)}},
    howpublished = {\url{https://aws.amazon.com/}},
    year = {2022},
}
@misc{mozilla-2022,
    author = {{Mozilla} and {Amazon Web Services}},
    title = {{Ace - High Performance Code Editor for the Web}},
    howpublished = {\url{https://ace.c9.io}},
    year = {2022},
}
@misc{perry-2012,
    author = {Perry, Douglas},
    month = {01},
    title = {{Linux Kernel Grows Past 15 Million Lines of Code}},
    howpublished = {\url{https://www.tomshardware.com/news/Linux-Linus-Torvalds-kernel-too-complex-code,14495.html}},
    year = {2012},
}
@misc{larabel-2020,
    author = {Larabel, M},
    month = {01},
    title = {{The Linux Kernel Enters 2020 At 27.8 Million Lines In Git But With Less Developers For 2019}},
    howpublished = {\url{https://www.phoronix.com/scan.php?page=news_item\&px=Linux-Git-Stats-EOY2019}},
    year = {2020},
}
@misc{sharma-2021,
    author = {Sharma, Ax},
    month = {10},
    title = {{Popular npm Project Used by Millions Hijacked in Supply-Chain Attack}},
    howpublished = {\url{https://blog.sonatype.com/npm-project-used-by-millions-hijacked-in-supply-chain-attack}},
    year = {2021},
}
@misc{apache-2021,
    author = {{Apache}},
    month = {12},
    title = {{CVE-2021-44228 (Apache Log4j)}},
    howpublished = {\url{https://www.cve.org/CVERecord?id=CVE-2021-44228}},
    year = {2021},
}
@misc{raveendran-2021,
    author = {Raveendran, Sunil},
    month = {12},
    title = {{Explained: How big is the damage caused by open source software Log4j vulnerability?}},
    howpublished = {\url{https://www.onmanorama.com/news/business/2021/12/21/open-source-software-log4j-vulnerability.html}},
    year = {2021},
}
@techreport{hackerone-2017,
    author = {{HackerOne}},
    title = {{The Hacker-Powered Security Report 2017}},
    howpublished = {\url{https://ma.hacker.one/rs/168-NAU-732/images/hacker-powered-security-report-2017.pdf}},
    year = {2017},
}
@techreport{hunter-ready-inc-1983,
    annotate = {Retrieved via https://twitter.com/senorarroz/status/783093421204393985},
    author = {{Hunter \& Ready, Inc.}},
    publisher = {Hunter \& Ready, Inc.},
    title = {{Get a bug if you find a bug}},
    year = {1983},
}
@misc{microsoft-2022,
    author = {{Microsoft}},
    title = {{Microsoft Bounty Programs}},
    howpublished = {\url{https://www.microsoft.com/en-us/msrc/bounty}},
    year = {2022},
}
@misc{google-2022,
    author = {{Google}},
    title = {{Google Bug Hunters}},
    howpublished = {\url{https://bughunters.google.com/about/rules/6171833274204160/android-and-google-devices-security-reward-program-rules}},
    year = {2022},
}
@misc{apple-inc-2022,
    author = {{Apple, Inc.}},
    title = {{Apple Security Bounty}},
    howpublished = {\url{https://developer.apple.com/security-bounty/}},
    year = {2022},
}
@misc{newman-2018,
    author = {Newman, Lily Hay},
    month = {12},
    title = {{Facebook Bug Bounty Program Makes Biggest Reward Payout Yet}},
    howpublished = {\url{https://www.wired.com/story/facebook-bug-bounty-biggest-payout/}},
    year = {2018},
}
@misc{datareportal-2022,
    author = {{DataReportal}},
    month = {02},
    title = {{The Latest Facebook Stats: Everything You Need to Know}},
    howpublished = {\url{https://datareportal.com/essential-facebook-stats}},
    year = {2022},
}
@misc{neukirchen-2021,
    author = {Neukirchen, H},
    month = {06},
    title = {{Power consumption of Raspberry Pi 4 versus Intel J4105 system}},
    howpublished = {\url{https://uni.hi.is/helmut/2021/06/07/power-consumption-of-raspberry-pi-4-versus-intel-j4105-system/}},
    year = {2021},
}
@misc{amazon-web-services-inc-2022A,
    author = {{Amazon}},
    title = {{AWS Lambda}},
    howpublished = {\url{https://aws.amazon.com/lambda/}},
    year = {2022},
}
@misc{amazon-web-services-inc-2022B,
    author = {{Amazon}},
    title = {{Shared Responsibility Model}},
    howpublished = {\url{https://aws.amazon.com/compliance/shared-responsibility-model/}},
    year = {2022},
}
@misc{casalboni-2022,
    author = {Casalboni, A},
    month = {04},
    title = {{Announcing AWS Lambda Function URLs: Built-in HTTPS Endpoints for Single-Function Microservices}},
    howpublished = {\url{https://aws.amazon.com/blogs/aws/announcing-aws-lambda-function-urls-built-in-https-endpoints-for-single-function-microservices/}},
    year = {2022},
}
@misc{amazon-web-services-inc-2022C,
    author = {{Amazon}},
    title = {{AWS Pricing Calculator}},
    howpublished = {\url{https://calculator.aws}},
    year = {2022},
}
@misc{amazon-2022B,
    author = {{Amazon}},
    title = {{Amazon S3 Simple Storage Service Pricing - Amazon Web Services}},
    howpublished = {\url{https://aws.amazon.com/s3/pricing/}},
    year = {2022},
}
@misc{amazon-2022C,
    author = {{Amazon}},
    title = {{Amazon EC2}},
    howpublished = {\url{https://aws.amazon.com/ec2/}},
    year = {2022},
}
@misc{amazon-2022D,
    author = {{Amazon}},
    title = {{Global Infrastructure - Overview of Amazon Web Services}},
    howpublished = {\url{https://docs.aws.amazon.com/whitepapers/latest/aws-overview/global-infrastructure.html}},
    year = {2022},
}
@misc{amazon-2022E,
    author = {{Amazon}},
    title = {{Amazon Elastic Container Service Developer Guide}},
    howpublished = {\url{https://docs.aws.amazon.com/AmazonECS/latest/developerguide/Welcome.html}},
    year = {2022},
}
@misc{amazon-2022F,
    author = {{Amazon}},
    title = {{VPC endpoint services (AWS PrivateLink) - Amazon Virtual Private Cloud}},
    howpublished = {\url{https://docs.aws.amazon.com/vpc/latest/privatelink/endpoint-service.html}},
    year = {2022},
}
@misc{nutpan-pty-ltd-2022,
    author = {{Nutpan pty Ltd.}},
    title = {{JDoodle}},
    howpublished = {\url{https://www.jdoodle.com/online-java-compiler/}},
    year = {2022},
}
@misc{replit-2022,
    author = {{Replit}},
    title = {{Java Online Compiler \& Interpreter}},
    howpublished = {\url{https://replit.com/languages/java10}},
    year = {2022},
}
@misc{one-compiler-pvt-ltd-2022,
    author = {{One Compiler Pvt. Ltd.}},
    title = {{Java}},
    howpublished = {\url{https://onecompiler.com/java}},
    year = {2022},
}
@misc{tutorials-point-2022,
    author = {{Tutorials Point}},
    title = {{Online Java Compiler}},
    howpublished = {\url{https://www.tutorialspoint.com/compile_java_online.php}},
    year = {2022},
}
@misc{programiz-2022,
    author = {{Programiz}},
    title = {{Online Java Compiler}},
    howpublished = {\url{https://www.programiz.com/java-programming/online-compiler/}},
    year = {2022},
}
@misc{gdb-online-2022,
    author = {{GDB Online}},
    title = {{Online Java Compiler}},
    howpublished = {\url{https://www.onlinegdb.com/online_java_compiler}},
    year = {2022},
}
@misc{w3schools-2022,
    author = {{W3Schools}},
    title = {{Java Tryit Editor v1.0}},
    howpublished = {\url{https://www.w3schools.com/java/tryjava.asp?filename=demo_compiler}},
    year = {2022},
}
@misc{online-ide-2022,
    author = {{Online IDE}},
    title = {{Online Java - IDE, Code Editor, Compiler}},
    howpublished = {\url{https://www.online-java.com/}},
    year = {2022},
}
@misc{mycompiler-2022,
    author = {{myCompiler}},
    title = {{myCompiler}},
    howpublished = {\url{https://www.mycompiler.io/new/java}},
    year = {2022},
}
@misc{javatpoint-2022,
    author = {{Javatpoint}},
    title = {{Online Java Compiler}},
    howpublished = {\url{https://compiler.javatpoint.com/opr/online-java-compiler.jsp}},
    year = {2022},
}
@misc{coding-rooms-2022,
    author = {{Coding Rooms}},
    title = {{Java Online IDE and Compiler}},
    howpublished = {\url{https://www.codingrooms.com/compiler/java}},
    year = {2022},
}
@misc{hashicorp-2022,
    author = {{HashiCorp}},
    title = {{Terraform by HashiCorp}},
    howpublished = {\url{https://www.terraform.io/}},
    year = {2022},
}
@misc{raspberry-pi-foundation-2015,
    author = {{Raspberry Pi Foundation}},
    month = {08},
    title = {{What is a Raspberry Pi?}},
    howpublished = {\url{https://www.raspberrypi.org/help/what-%20is-a-raspberry-pi/}},
    year = {2015},
}
@inproceedings{halfond2006classification,
  title={A classification of SQL-injection attacks and countermeasures},
  author={Halfond, William G and Viegas, Jeremy and Orso, Alessandro and others},
  booktitle={Proceedings of the IEEE international symposium on secure software engineering},
  volume={1},
  pages={13--15},
  year={2006},
  organization={IEEE},
  howpublished = {\url{https://www.cc.gatech.edu/fac/Alex.Orso/papers/halfond.viegas.orso.ISSSE06.pdf}},
}
@misc{java-rmi,
    author = {{Oracle}},
    title = {{Getting Started Using Java RMI}},
    howpublished = {\url{https://docs.oracle.com/javase/7/docs/technotes/guides/rmi/hello/hello-world.html}},
    year = {2020},
}
